<?xml version="1.0" encoding="UTF-8"?><collection xmlns="http://www.loc.gov/MARC21/slim"><record><leader>00327nam--2200121-i-4500</leader><controlfield tag="001">000032951</controlfield><controlfield tag="002">20161230</controlfield><controlfield tag="005">20161230201039</controlfield><controlfield tag="008">060222s1000------------r-----000-0-eng-d</controlfield><datafield ind1=" " ind2=" " tag="100"><subfield code="a">Mierdel, G., Wagner, S</subfield></datafield><datafield ind1=" " ind2=" " tag="245"><subfield code="a">Aufgaben zur teoretischen elektrotechnik</subfield></datafield><datafield ind1=" " ind2=" " tag="260"><subfield code="a">Berlin, Verlag Technik, 1959. 270p.+ 164 Fig</subfield></datafield><datafield ind1=" " ind2=" " tag="852"><subfield code="a">6894</subfield></datafield></record></collection>